<?xml version="1.0" encoding="UTF-8"?><collection xmlns="http://www.loc.gov/MARC21/slim"><record><leader>00407nam--2200169-i-4500</leader><controlfield tag="001">000020575</controlfield><controlfield tag="002">20161230</controlfield><controlfield tag="005">20161230201033</controlfield><controlfield tag="008">060222s1000------------r-----000-0-rus-d</controlfield><datafield ind1=" " ind2=" " tag="041"><subfield code="a">rus</subfield></datafield><datafield ind1=" " ind2=" " tag="080"><subfield code="a">519.216</subfield></datafield><datafield ind1="1" ind2=" " tag="100"><subfield code="a">Sevastianov, B.A</subfield></datafield><datafield ind1="1" ind2="0" tag="245"><subfield code="a">Veroiatnostnie modeli</subfield><subfield code="c">B.A. Sevastianov</subfield></datafield><datafield ind1=" " ind2=" " tag="260"><subfield code="a">Moskva, Nauka, 1992</subfield></datafield><datafield ind1=" " ind2=" " tag="300"><subfield code="a">173 P</subfield></datafield><datafield ind1=" " ind2=" " tag="852"><subfield code="a">80444</subfield><subfield code="c">519.2</subfield></datafield><datafield ind1=" " ind2=" " tag="CAT"><subfield code="a">Sys</subfield><subfield code="c">20100621</subfield><subfield code="h">105455</subfield></datafield></record></collection>